<record xmlns:xsi="http://www.w3.org/2001/XMLSchema-instance" xmlns="http://www.loc.gov/MARC21/slim" xsi:schemaLocation="http://www.loc.gov/MARC21/slim http://www.loc.gov/standards/marcxml/schema/MARC21slim.xsd">

  <leader>00806nam a22002297a 4500</leader>
  <controlfield tag="003">cru INIE</controlfield>
  <controlfield tag="005">20160504115122.0</controlfield>
  <controlfield tag="007">ca aa aaaaaaaa</controlfield>
  <controlfield tag="008">160504b2009    cr ||||| |||| 00| 0 spa d</controlfield>
  <datafield tag="040" ind2=" " ind1=" ">
    <subfield code="c">cru INIE</subfield>
  </datafield>
  <datafield ind1=" " ind2=" " tag="090">
    <subfield code="a">CD #249</subfield>
  </datafield>
  <datafield ind1="1" ind2=" " tag="100">
    <subfield code="9">1706</subfield>
    <subfield code="a">Osorio, Lucía</subfield>
  </datafield>
  <datafield tag="245" ind1="1" ind2="0">
    <subfield code="a">María Eugenia Dengo: una vida de enseñanza [video] /</subfield>
    <subfield code="c">Producción y realización Lucía Osorio, guión Ernesto Valverde y Lucía Osorio</subfield>
  </datafield>
  <datafield ind1=" " ind2=" " tag="260">
    <subfield code="a">[San José, Costa Rica] : </subfield>
    <subfield code="b">UNED,</subfield>
    <subfield code="c">2009</subfield>
  </datafield>
  <datafield tag="300" ind1=" " ind2=" ">
    <subfield code="a">1 videodisco (ceca de 16 min.) ; </subfield>
    <subfield code="b">sonoro</subfield>
  </datafield>
  <datafield tag="500" ind1=" " ind2=" ">
    <subfield code="a">Documental, especialista de contenido Margarita Jiménez. 
</subfield>
  </datafield>
  <datafield tag="500" ind1=" " ind2=" ">
    <subfield code="a">Imágenes de Archivo Nacional</subfield>
  </datafield>
  <datafield tag="600" ind1="1" ind2="4">
    <subfield code="9">1708</subfield>
    <subfield code="a">DENGO OBREGÓN, MARÍA EUGENIA</subfield>
  </datafield>
  <datafield tag="650" ind2="4" ind1="1">
    <subfield code="9">1</subfield>
    <subfield code="a">EDUCACIÓN</subfield>
  </datafield>
  <datafield ind1="1" ind2=" " tag="700">
    <subfield code="9">1709</subfield>
    <subfield code="a">Valverde, Ernesto </subfield>
  </datafield>
  <datafield tag="942" ind1=" " ind2=" ">
    <subfield code="2">z</subfield>
    <subfield code="c">08</subfield>
  </datafield>
  <datafield ind1=" " ind2=" " tag="999">
    <subfield code="c">3206</subfield>
    <subfield code="d">3206</subfield>
  </datafield>
</record>